<?xml version="1.0" encoding="UTF-8"?>
<collection xmlns:xsi="http://www.w3.org/2001/XMLSchema-instance" xsi:schemaLocation="http://www.loc.gov/MARC21/slim http://www.loc.gov/standards/marcxml/schema/MARC21slim.xsd" xmlns="http://www.loc.gov/MARC21/slim">
<record>
  <leader>00743cam a2200193uu 4500</leader>
  <controlfield tag="001">645388</controlfield>
  <controlfield tag="003">NNC</controlfield>
  <controlfield tag="005">20100307232355.0</controlfield>
  <controlfield tag="008">880429q19271928ua |||||||||||||||||ara||</controlfield>
  <datafield tag="035" ind1=" " ind2=" ">
    <subfield code="a">(OCoLC)77932445</subfield>
  </datafield>
  <datafield tag="035" ind1=" " ind2=" ">
    <subfield code="a">(OCoLC)ocm77932445</subfield>
  </datafield>
  <datafield tag="035" ind1=" " ind2=" ">
    <subfield code="a">(CStRLIN)NYCG88-B31045</subfield>
  </datafield>
  <datafield tag="035" ind1=" " ind2=" ">
    <subfield code="9">ACV2353CU</subfield>
  </datafield>
  <datafield tag="035" ind1=" " ind2=" ">
    <subfield code="a">(NNC)645388</subfield>
  </datafield>
  <datafield tag="100" ind1="1" ind2="0">
    <subfield code="a">Fīrūzābādī, Muḥammad ibn Yaʻqūb,</subfield>
    <subfield code="d">1329-1414 or 15.</subfield>
  </datafield>
  <datafield tag="245" ind1="1" ind2="0">
    <subfield code="a">Sifr al-saʻadah /</subfield>
    <subfield code="c">li-Majd al-Din Muhammad ibn ʻYaqub al-Firuzabadi al-Shirazi ; ʻuniyat bi-nashrihi wa-tashihi lil-marrah al-ula sanat 1346 Hijriyah Idarat al-Tibaʻah al-Muniriyah.</subfield>
  </datafield>
  <datafield tag="260" ind1=" " ind2=" ">
    <subfield code="a">Misr :</subfield>
    <subfield code="b">Idarat al-Tibaʻah al-Muniriyah,</subfield>
    <subfield code="c">1346h [i.e. 1927 or 1928]</subfield>
  </datafield>
  <datafield tag="300" ind1=" " ind2=" ">
    <subfield code="a">224 p.</subfield>
  </datafield>
  <datafield tag="600" ind1=" " ind2=" ">
    <subfield code="a">Muhammad,</subfield>
    <subfield code="c">Prophet,</subfield>
    <subfield code="d">d. 632.</subfield>
  </datafield>
  <datafield tag="955" ind1=" " ind2=" ">
    <subfield code="b">CU59575158</subfield>
    <subfield code="d">off,glx</subfield>
    <subfield code="e">ME06453</subfield>
  </datafield>
</record>
</collection>